@BOOK{FuzRegul,
	author = "Демидова, Г.Л. and Лукичев, Д.В.",
	title = "Регуляторы на основе нечеткой логики в системах управления техническими объектами",
	publisher = "СПб: Университет ИТМО",
	volume = 81,
	language = "russian",
	year = 2017
}

@ARTICLE{IncrEfficiency,
	author = "Полещук, О.М.",
	title = "Повышение эффективности оценки параметров технических систем на основе учета неопределенности разных типов",
	journal = "Лесной вестник",
	volume=22,
	number=5,
	pages="121--128",
	language = "russian",
	year = 2018,
}

@ARTICLE{MedicineExpSys,
	author= "Басманов С.Н. and Басманова А.А.",
	title = "Обзор эволюции экспертных систем в медицине с точки зрения соответствия основным признакам",
	journal = "Перспективы развития информационных технологий",
	year = 2014,
	number = 21,
	language="russian",
	pages = "126--130"
}

@ARTICLE{DefiningFuzz,
	author = "Dinesh Asanka and Amal Shenan Perera",
	title = "Defining Fuzzy Membership Functions for Fuzzy Data Warehouses",
	journal = "4th International Conference for Convergence in Technology (I2CT)",
	language = "english",
	year = 2018,
}

@BOOK{FuzzDb,
	author = "Srdjan Škrbić and Miloš Racković",
	title = "Fuzzy Databases",
	publisher = "Faculty of Science, University of Novi Sad",
	volume = 105,
	language = "english",
	year = 2013,
}

@ARTICLE{Controller,
	author = "Шилкина, С.В. and Фокина, Е.Н.",
	title = "Контроллер нечеткой логики в управлении технологическими процессами",
	journal = "Вестник СибАДИ",
	volume=15,
	number=1,
	pages="106--114",
	language = "russian",
	year = 2018,
}

@ARTICLE{SettingMamdani,
	author = "Голосовский, М.С. and Богомолов, А.В. and Теребов, Д.С. and Евтушенко, Е.В.",
	title = "Алгоритм настройки системы нечеткого логического вывода типа Мамдани",
	journal = "Вестник ЮУрГУ. Серия ``Математика. Механика. Физика''",
	number=3,
	volume = 10,
	pages="19--29",
	language = "russian",
	year = 2018,
}

@ARTICLE{Instruments,
	author = "Кричевский, М.Л. and Мартынова, Ю.А.",
	title = "Инструменты искусственного интеллекта при оценке эффективности инвестиционного проекта",
	journal = "Креативная экономика",
	number=8,
	volume = 12,
	pages="1105--1118",
	language = "russian",
	year = 2018,
	month="Август"
}

@ARTICLE{relativeNonRelative,
	author = "Степовик А.Н. and Ефанова Н.В.",
	title = "Анализ реляционных и нереляционных баз данных",
	journal = "Цифровизация экономики: направления, методы, инструменты
	Сборник материалов I всероссийской студенческой научно-практической конференции",
	pages="414--416",
	language = "russian",
	year = 2019
}

@ARTICLE{Sorokin,
	author = "Сорокин В.Е.",
	title = "Хранение и эффективная обработка нечетких данных в СУБД PostgreSQL",
	journal = "Программные продукты и системы",
	number={4(30)},
	pages="609--618",
	language = "russian",
	year = 2017
}

@BOOK{DBIngeneering,
	author = "Осипов Д.Л.",
	title = "Технологии проектирования баз данных",
	publisher = "М.: ДМК Пресс",
	volume = 498,
	language = "russian",
	year = 2019,
}

@BOOK{ExpSystems,
	author = "Джарратано, Д. and Райли, Г.",
	title = "Экспертные системы: принципы разработки и программирование",
	publisher = {ООО ``И.Д. Вильямс''},
	volume = 1152,
	language = "russian",
	year = 2007,
	edition=4,
}

@ARTICLE{Bakery,
	author = "Финаев, В.И. and Синявская, Е.Д. and Пушнина, И.В.",
	title = "Нечеткая модель управления температурой в хлебопекарной камере",
	journal = "Известия ЮФУ. Технические науки",
	pages="149--159",
	language = "russian",
	year = 2018,
}


@ARTICLE{Mongo,
	author = "Juan Miguel Medina and Ignacio J. Blanco and Olga Pons",
	title = "A fuzzy database engine for mongoDB",
	journal = "International Journal of Intelligent Systems",
	pages="1--34",
	language = "russian",
	year = 2022,
}

@ARTICLE{garbage_n_res,
	author = "Савченко, Д.В. and Резникова, К.М. and Смышляева, А.А.",
	title = "Нечеткая логика и нечеткие информационные технологии",
	journal = {Интернет-журнал "Отходы и ресурсы"},
	language = "russian",
	year = 2021,
	number=1,
	note={Режим доступа: https://resources.today/PDF/10ECOR121.pdf. Дата обращения: 23.12.2021}
}

@ARTICLE{designadaptive,
	author = "Короченцев, Д.А. and Зеленский, А.А.",
	title = "Разработка адаптивного алгоритма идентификации технических каналов утечки информации",
	journal = "Colloquium-journal",
	pages="33--37",
	language = "russian",
	year = 2019,
	number= "13(37)"
}

@ARTICLE{computingIntelligence,
	author = {Суворова, Е.Ю.},
	title = "Анализ основных технологий вычислительного интеллекта",
	journal = "Сборник научных трудов ДонИЖТ",
	language = "russian",
	year = 2018,
	number=48
}

@ARTICLE{MultifuncImit,
	author = {Солдатова, О.П.},
	title = "Многофункциональный имитатор нейронных сетей",
	journal = "Программные продукты и системы",
	pages="27--31",
	language = "russian",
	year = 2012,
	number=3
}

@ARTICLE{aboutclimatonroads,
	author = {Иовлева, К.Л.},
	title = "О возможности внедрения климат контроля в дорожно-строительную технику",
	journal = {Научно-образовательный журнал для студентов и преподавателей "StudNet"},
	pages="536--542",
	language = "russian",
	year = 2020,
	number = 7,
}

@ARTICLE{OverviewDMS,
	author = "Манохин А.К.",
	title = "Обзор популярных систем управления базами данных",
	journal = "Инновационное развитие техники и технологий в промышленности (ИНТЕКС-2021)»",
	pages="234--237",
	language = "russian",
	year = 2021,
}

@ARTICLE{OverviewComparativeDMS,
	author = "Ершов А.С. and Тортика А.С.",
	title = "Обзор и сравнительный анализ современных систем управления базами данный",
	journal = "Вестник Саратовского государственного технического университета",
	pages="79--82",
	language = "russian",
	year = 2020,
}

@ARTICLE{StoringFuzzyNums,
	author = "Бизянов Е.Е. and Гутник А.А.",
	title = "Хранение нечетких чисел в реляционных базах данных информационных систем управления",
	journal = "Автоматизированные технологии и производства",
	pages="11--15",
	language = "russian",
	year = 2016,
	number = 3,
}

@MISC{Postgres,
	title = "PostgreSQL: The World's Most Advanced Open Source Relational Database [Электронный ресурс]",
	howpublished = "Режим доступа: https://www.postgresql.org/",
	note = "Дата обращения: 31.05.2022"
}

@MISC{Java,
	title = "Java Software | Oracle [Электронный ресурс]",
	howpublished = "Режим доступа: https://www.oracle.com/java/",
	note = "Дата обращения: 31.05.2022"
}

@MISC{matlab,
	title="MATLAB - MathWorks - MATLAB \& Simulink [Электронный ресурс]",
	howpublished="Режим доступа: https://www.mathworks.com/products/matlab.html",
	note="Дата обращения: 30.05.2022"
}

@MISC{proc,
	title = "AMD Ryzen 5 4500U | AMD [Электронный ресурс]",
	howpublished = "Режим доступа: https://www.amd.com/ru/products/apu/amd-ryzen-5-4500u",
	note = "Дата обращения: 30.05.2022"
}

@MISC{ubuntu,
	title="Ubuntu 22.04 LTS (Jammy Jellyfish) [Электронный ресурс]",
	howpublished="Режим доступа: https://releases.ubuntu.com/22.04/",
	note="Дата обращения: 30.05.2022"
}

@MISC{Idea,
	title = {IntelliJ IDEA: функциональная и эргономичная IDE для разработки на Java от JetBrains [Электронный ресурс]},
	howpublished = "Режим доступа: https://www.jetbrains.com/ru-ru/idea/",
	note = "Дата обращения: 31.05.2022"
}